@article{Antoulas2018,
author = {Antoulas, Athanasios C. and Zhu, Bokai and Zhang, Qiang and York, Brian and O'Malley, Bert W. and Dacso, Clifford C.},
doi = {10.1371/journal.pone.0198503},
file = {:Users/josephhellerstein/Documents/Articles/pone.0198503.pdf:pdf},
isbn = {1111111111},
issn = {19326203},
journal = {PLoS ONE},
keywords = {systems biology/oscillators},
mendeley-tags = {systems biology/oscillators},
number = {9},
pages = {1--20},
pmid = {30231032},
title = {{A novel mathematical method for disclosing oscillations in gene transcription: A comparative study}},
volume = {13},
year = {2018}
}
@article{Arlon,
author = {Arlon, Uri},
file = {:Users/josephhellerstein/Documents/Articles/lecture_notes_-_how_to_build_a_biological_oscillator.pdf:pdf},
keywords = {systems biology/oscillators},
mendeley-tags = {systems biology/oscillators},
title = {{(Lecture notes) How to build a Biological oscillator}}
}
@article{Ball2011,
author = {Ball, David A. and Marchand, Julie and Poulet, Magaly and Baumann, William T. and Chen, Katherine C. and Tyson, John J. and Peccoud, Jean},
doi = {10.1371/journal.pone.0026272},
file = {:Users/josephhellerstein/Documents/Articles/pone.0026272.pdf:pdf},
issn = {19326203},
journal = {PLoS ONE},
keywords = {systems biology/oscillators},
mendeley-tags = {systems biology/oscillators},
number = {10},
pmid = {22046265},
title = {{Oscillatory dynamics of cell cycle proteins in single yeast cells analyzed by imaging cytometry}},
volume = {6},
year = {2011}
}
@article{Cao2016,
author = {Cao, Yangxiaolu and Lopatkin, Allison and You, Lingchong},
doi = {10.1038/nsmb.3320},
file = {:Users/josephhellerstein/Library/Application Support/Mendeley Desktop/Downloaded/Cao, Lopatkin, You - 2016 - Elements of biological oscillations in time and space.pdf:pdf},
issn = {15459985},
journal = {Nature Structural and Molecular Biology},
keywords = {Bioinformatics/Parameter estimation,Systems biology/design patterns,systems biology/oscillators},
mendeley-tags = {Bioinformatics/Parameter estimation,Systems biology/design patterns,systems biology/oscillators},
number = {12},
pages = {1030--1034},
pmid = {27922613},
publisher = {Nature Publishing Group},
title = {{Elements of biological oscillations in time and space}},
volume = {23},
year = {2016}
}
@misc{Chickarmane,
author = {Chickarmane, Vijay and Kholodenko, Boris N and Sauro, Herbert M.},
file = {:Users/josephhellerstein/Documents/Articles/doi_10.1016_j.jtbi.2006.05.013 _ Elsevier Enhanced Reader.pdf:pdf},
keywords = {systems biology/oscillators},
mendeley-tags = {systems biology/oscillators},
title = {{Oscillatory dynamics arising from competitive inhibition and multisite phosphorylation}}
}
@article{Cronin1977,
author = {Cronin, Jane},
file = {:Users/josephhellerstein/Documents/Articles/2029327.pdf:pdf},
journal = {SIAM Review},
keywords = {systems biology/oscillators},
mendeley-tags = {systems biology/oscillators},
number = {1},
pages = {100--138},
title = {{Some Mathematics of Biological Oscillations}},
volume = {19},
year = {1977}
}
@article{Elowitz2000,
author = {Elowitz, Michael B and Leibler, Stanislas},
doi = {10.1038/35002125},
file = {:Users/josephhellerstein/Library/Application Support/Mendeley Desktop/Downloaded/Elowitz, Leibler - 2000 - A synthetic oscillatory network of transcriptional regulators(2).pdf:pdf},
isbn = {0028-0836 (Print) 0028-0836 (Linking)},
issn = {0028-0836},
journal = {Nature},
keywords = {Bioinformatics/Parameter estimation,reading,systems biology/classic paper,systems biology/oscillators},
mendeley-tags = {Bioinformatics/Parameter estimation,reading,systems biology/classic paper,systems biology/oscillators},
number = {6767},
pages = {335--338},
pmid = {10659856},
title = {{A synthetic oscillatory network of transcriptional regulators.}},
volume = {403},
year = {2000}
}
@article{Goldbeter1991,
author = {Goldbeter, A.},
doi = {10.1073/pnas.88.20.9107},
file = {:Users/josephhellerstein/Library/Application Support/Mendeley Desktop/Downloaded/Goldbeter - 1991 - A minimal cascade model for the mitotic oscillator involving cyclin and cdc2 kinase.pdf:pdf},
isbn = {0027-8424 (Print)\r0027-8424 (Linking)},
issn = {0027-8424},
journal = {Proceedings of the National Academy of Sciences},
keywords = {BioControl/Review Article,Bioinformatics/Parameter estimation,systems biology/oscillators},
mendeley-tags = {BioControl/Review Article,Bioinformatics/Parameter estimation,systems biology/oscillators},
number = {20},
pages = {9107--9111},
pmid = {1833774},
title = {{A minimal cascade model for the mitotic oscillator involving cyclin and cdc2 kinase.}},
url = {http://www.pnas.org/cgi/doi/10.1073/pnas.88.20.9107},
volume = {88},
year = {1991}
}
@article{Gonze2021,
author = {Gonze, Didier and Ruoff, Peter},
doi = {10.1007/s10441-020-09379-8},
file = {:Users/josephhellerstein/Documents/Articles/Gonze-Ruoff2021_Article_TheGoodwinOscillatorAndItsLega.pdf:pdf},
isbn = {1044102009379},
issn = {15728358},
journal = {Acta Biotheoretica},
keywords = {Circadian rhythms,Feedback inhibition,Goodwin model,Limit cycle oscillations,systems biology/oscillators},
mendeley-tags = {systems biology/oscillators},
number = {4},
pages = {857--874},
pmid = {32212037},
publisher = {Springer Netherlands},
title = {{The Goodwin Oscillator and its Legacy}},
url = {https://doi.org/10.1007/s10441-020-09379-8},
volume = {69},
year = {2021}
}
@article{Gonze2021a,
author = {Gonze, Didier and Ruoff, Peter},
doi = {10.1007/s10441-020-09379-8},
file = {:Users/josephhellerstein/Documents/Articles/Gonze_Ruoff_2020.pdf:pdf},
isbn = {1044102009379},
issn = {15728358},
journal = {Acta Biotheoretica},
keywords = {Circadian rhythms,Feedback inhibition,Goodwin model,Limit cycle oscillations,systems biology/oscillators},
mendeley-tags = {systems biology/oscillators},
number = {4},
pages = {857--874},
pmid = {32212037},
publisher = {Springer Netherlands},
title = {{The Goodwin Oscillator and its Legacy}},
url = {https://doi.org/10.1007/s10441-020-09379-8},
volume = {69},
year = {2021}
}
@article{Goodwin1965,
author = {Goodwin, Brian C.},
doi = {10.1016/0065-2571(65)90067-1},
file = {:Users/josephhellerstein/Documents/Articles/1-s2.0-0065257165900671-main.pdf:pdf},
issn = {00652571},
journal = {Advances in Enzyme Regulation},
keywords = {systems biology/oscillators},
mendeley-tags = {systems biology/oscillators},
number = {C},
pmid = {5861813},
title = {{Oscillatory behavior in enzymatic control processes}},
volume = {3},
year = {1965}
}
@article{Goodwin1969,
author = {Goodwin, Brian C. and Cohen, Morrel H.},
doi = {10.1016/S0022-5193(69)80017-2},
file = {:Users/josephhellerstein/Documents/Articles/1-s2.0-S0022519369800172-main.pdf:pdf},
issn = {10958541},
journal = {Journal of Theoretical Biology},
keywords = {systems biology/oscillators},
mendeley-tags = {systems biology/oscillators},
number = {1},
pages = {49--107},
pmid = {4390735},
title = {{A phase-shift model for the spatial and temporal organization of developing systems}},
volume = {25},
year = {1969}
}
@book{Goodwin1963,
author = {Goodwin, Richard},
booktitle = {Academic Press},
file = {:Users/josephhellerstein/Documents/Articles/temporalorganiza00good_bw.pdf:pdf},
keywords = {systems biology/oscillators},
mendeley-tags = {systems biology/oscillators},
title = {{Temporal Organization In Cells}},
year = {1963}
}
@article{Heinrich1977,
author = {Heinrich, R and Rapoport, S M},
file = {:Users/josephhellerstein/Documents/Articles/PII_ 0079-6107(78)90017-2.pdf:pdf},
keywords = {systems biology/oscillators},
mendeley-tags = {systems biology/oscillators},
number = {c},
title = {{METABOLIC REGULATION AND MODELS MATHEMATICAL I . INTRODUCTION Since the identification of the fundamental pathways of intermediate metabolism some 30 years ago it has been recognized that the stage has been set for the study of the regulation of metabolis}},
volume = {32},
year = {1977}
}
@article{HoonHa2012,
archivePrefix = {arXiv},
arxivId = {NIHMS150003},
author = {{Hoon Ha}, Sang and {Ferrell Jr.}, J E},
doi = {10.1016/j.tibs.2014.10.002.Ultrasensitivity},
eprint = {NIHMS150003},
file = {:Users/josephhellerstein/Documents/Articles/nihms635216.pdf:pdf},
isbn = {8585348585},
issn = {15378276},
journal = {Trends Biochemical Sciences},
keywords = {Bioinformatics/Parameter estimation,Current readings,Paper/Catalogue of behaviors,cyp6d1 transcription,hr96,musca domestica,phenobarbital induction,pyrethroid resistance,systems biology/oscillators},
mendeley-tags = {Bioinformatics/Parameter estimation,Current readings,Paper/Catalogue of behaviors,systems biology/oscillators},
number = {2},
pages = {130--134},
pmid = {1000000221},
title = {{Ultrasensitivity part III: cascades, bistable switches, and oscillators}},
volume = {100},
year = {2012}
}
@article{Huxley1952,
author = {Huxley, Hodgkin &},
doi = {10.1109/ICCCT2.2017.7972284},
file = {:Users/josephhellerstein/Documents/Articles/jphysiol01442-0106.pdf:pdf},
isbn = {9781509062201},
journal = {PJ. Physiol},
keywords = {Feed Forward Neural Network,Firestorm,Virtex-5,Wireless Sensor Network (WSN),systems biology/oscillators},
mendeley-tags = {systems biology/oscillators},
pages = {500--544},
title = {{A Qunatitative Description of Membrane Current and its Application to COnduction and excitation in nerve}},
year = {1952}
}
@article{Kholodenko2000,
author = {Kholodenko, Boris N.},
doi = {10.1046/j.1432-1327.2000.01197.x},
file = {:Users/josephhellerstein/Library/Application Support/Mendeley Desktop/Downloaded/Kholodenko - 2000 - Negative feedback and ultrasensitivity can bring about oscillations in the mitogen-activated protein kinase cascades.pdf:pdf},
isbn = {0014-2956 (Print)\r0014-2956 (Linking)},
issn = {00142956},
journal = {European Journal of Biochemistry},
keywords = {Bioinformatics/Parameter estimation,Bistability,MAPK cascades,Protein phosphorylation,Signal transduction,Sustained oscillations,systems biology/oscillators},
mendeley-tags = {Bioinformatics/Parameter estimation,systems biology/oscillators},
number = {6},
pages = {1583--1588},
pmid = {10712587},
title = {{Negative feedback and ultrasensitivity can bring about oscillations in the mitogen-activated protein kinase cascades}},
volume = {267},
year = {2000}
}
@article{Lenz2011,
author = {Lenz, Peter and S{\o}gaard-Andersen, Lotte},
doi = {10.1038/nrmicro2612},
file = {:Users/josephhellerstein/Documents/Articles/nrmicro2612.pdf:pdf},
issn = {17401526},
journal = {Nature Reviews Microbiology},
keywords = {systems biology/oscillators},
mendeley-tags = {systems biology/oscillators},
number = {8},
pages = {565--577},
pmid = {21760621},
publisher = {Nature Publishing Group},
title = {{Temporal and spatial oscillations in bacteria}},
volume = {9},
year = {2011}
}
@article{Li2018,
author = {Li, Zhengda and Yang, Qiong},
doi = {10.1007/s40484-017-0120-7},
file = {:Users/josephhellerstein/Documents/Articles/Li-Yang2018_Article_SystemsAndSyntheticBiologyAppr.pdf:pdf},
isbn = {4048401701207},
issn = {20954697},
journal = {Quantitative Biology},
keywords = {biological oscillators,circuit design principles,synthetic oscillators,systems biology/oscillators},
mendeley-tags = {systems biology/oscillators},
number = {1},
pages = {1--14},
title = {{Systems and synthetic biology approaches in understanding biological oscillators}},
volume = {6},
year = {2018}
}
@article{Mahrou2022,
author = {Mahrou, Bahareh and Pirhanov, Azady and Alijanvand, Moluk Hadi and Cho, Yong Ku and Shin, Yong Jun},
doi = {10.1016/j.biosystems.2022.104717},
file = {:Users/josephhellerstein/Documents/Articles/1-s2.0-S0303264722001010-main.pdf:pdf},
issn = {18728324},
journal = {BioSystems},
keywords = {systems biology/oscillators},
mendeley-tags = {systems biology/oscillators},
number = {June},
pages = {104717},
pmid = {35690291},
publisher = {Elsevier B.V.},
title = {{Degradation-driven protein level oscillation in the yeast Saccharomyces cerevisiae}},
url = {https://doi.org/10.1016/j.biosystems.2022.104717},
volume = {219},
year = {2022}
}
@article{Nakajima2005,
author = {Nakajima, Masato and Imai, Keiko and Ito, Hiroshi and Nishiwaki, Taeko and Murayama, Yoriko and Iwasaki, Hideo and Oyama, Tokitaka and Kondo, Takao},
doi = {10.1126/science.1108451},
file = {:Users/josephhellerstein/Library/Application Support/Mendeley Desktop/Downloaded/Nakajima et al. - 2005 - Reconstitution of circadian oscillation of cyanobacterial KaiC phosphorylation in vitro.pdf:pdf},
issn = {00368075},
journal = {Science},
keywords = {Bioinformatics/Parameter estimation,systems biology/oscillators},
mendeley-tags = {Bioinformatics/Parameter estimation,systems biology/oscillators},
number = {5720},
pages = {414--415},
pmid = {15831759},
title = {{Reconstitution of circadian oscillation of cyanobacterial KaiC phosphorylation in vitro}},
volume = {308},
year = {2005}
}
@article{Nelson2004,
author = {Nelson, D E},
doi = {10.1126/science.1099962},
file = {:Users/josephhellerstein/Documents/Articles/science.1099962.pdf:pdf},
isbn = {1095-9203 (Electronic)},
journal = {Science},
keywords = {Bioinformatics/Parameter estimation,systems biology,systems biology/oscillators},
mendeley-tags = {Bioinformatics/Parameter estimation,systems biology,systems biology/oscillators},
number = {5696},
pages = {704--708},
pmid = {15499023},
title = {{Oscillations in NF- B Signaling Control the Dynamics of Gene Expression}},
url = {http://www.sciencemag.org/cgi/doi/10.1126/science.1099962},
volume = {306},
year = {2004}
}
@article{Nguyen2012,
author = {Nguyen, Lan K.},
doi = {10.1098/rsif.2012.0028},
file = {:Users/josephhellerstein/Documents/Articles/rsif20120028.pdf:pdf},
issn = {17425662},
journal = {Journal of the Royal Society Interface},
keywords = {Feedback strength,Mathematical modelling,Nested negative feedback,Oscillations,systems biology/oscillators},
mendeley-tags = {systems biology/oscillators},
number = {73},
pages = {1998--2010},
title = {{Regulation of oscillation dynamics in biochemical systems with dual negative feedback loops}},
volume = {9},
year = {2012}
}
@article{Novak2008,
author = {Nov{\'{a}}k, B{\'{e}}la and Tyson, John J.},
doi = {10.1038/nrm2530},
file = {:Users/josephhellerstein/Documents/Articles/nrm2530s.pdf:pdf},
issn = {14710072},
journal = {Nature Reviews Molecular Cell Biology},
keywords = {systems biology/oscillators},
mendeley-tags = {systems biology/oscillators},
number = {12},
pages = {981--991},
pmid = {18971947},
title = {{Design principles of biochemical oscillators}},
volume = {9},
year = {2008}
}
@book{Perry2012,
author = {Perry, Nicolas and Ninfa, Alexander J.},
booktitle = {Methods in Molecular Biology},
doi = {10.1007/978-1-61779-412-4_17},
file = {:Users/josephhellerstein/Documents/Articles/2012_Book_SyntheticGeneNetworks.pdf:pdf},
isbn = {9781617794117},
issn = {10643745},
keywords = {Bioinformatics/Parameter estimation,Continuous culture automation,Genetic bistability,Genetic circuit,Genetic oscillator,Genetic switch,Recombinant DNA,Synthetic biology,systems biology/oscillators},
mendeley-tags = {Bioinformatics/Parameter estimation,Synthetic biology,systems biology/oscillators},
pages = {287--300},
pmid = {22083749},
title = {{Synthetic networks: Oscillators and toggle switches for escherichia coli}},
volume = {813},
year = {2012}
}
@article{Rosier2015,
author = {Rosier, Bas JHM and Greef, Tom Fa De},
doi = {10.1038/35002125},
file = {:Users/josephhellerstein/Documents/Articles/elife-12260-v1.pdf:pdf},
issn = {00280836},
journal = {eLife},
keywords = {systems biology/oscillators},
mendeley-tags = {systems biology/oscillators},
pmid = {10659856},
title = {{How to make an oscillator}},
year = {2015}
}
@article{Tsai2008,
author = {Tsai, Tony Yu Chen and Yoon, Sup Choi and Ma, Wenzhe and Pomerening, Joseph R. and Tang, Chao and Ferrell, James E.},
doi = {10.1126/science.1156951},
file = {:Users/josephhellerstein/Documents/Articles/science.1156951.pdf:pdf},
issn = {00368075},
journal = {Science},
keywords = {systems biology/oscillators},
mendeley-tags = {systems biology/oscillators},
number = {5885},
pages = {126--139},
pmid = {18599789},
title = {{Robust, tunable biological oscillations from interlinked positive and negative feedback loops}},
volume = {321},
year = {2008}
}
@article{UNDERWOODGEOFFREYGoodwin1976,
author = {{UNDERWOOD, GEOFFREYGoodwin}, Brian},
doi = {10.1016/b978-0-08-019615-2.50007-4},
file = {:Users/josephhellerstein/Documents/Articles/goodwin_paper.pdf:pdf},
journal = {Attention and Memory},
keywords = {systems biology/oscillators},
mendeley-tags = {systems biology/oscillators},
pages = {129--168},
title = {{Oscillatory Behavior in Enzymtic Control Processes}},
year = {1976}
}
@article{Venkatachalam2022,
author = {Venkatachalam, Veena and Jambhekar, Ashwini and Lahav, Galit},
doi = {10.1016/j.ceb.2022.102099},
file = {:Users/josephhellerstein/Documents/Articles/1-s2.0-S0955067422000527-main.pdf:pdf},
issn = {18790410},
journal = {Current Opinion in Cell Biology},
keywords = {systems biology/oscillators},
mendeley-tags = {systems biology/oscillators},
pages = {102099},
publisher = {Elsevier Ltd},
title = {{Reading oscillatory instructions: How cells achieve time-dependent responses to oscillating transcription factors}},
url = {https://doi.org/10.1016/j.ceb.2022.102099},
volume = {77},
year = {2022}
}
@article{Weitz2014,
author = {Weitz, Maximilian and Kim, Jongmin and Kapsner, Korbinian and Winfree, Erik and Franco, Elisa and Simmel, Friedrich C.},
doi = {10.1038/nchem.1869},
file = {:Users/josephhellerstein/Documents/Articles/nchem.1869.pdf:pdf},
issn = {17554349},
journal = {Nature Chemistry},
keywords = {systems biology/oscillators},
mendeley-tags = {systems biology/oscillators},
number = {4},
pages = {295--302},
pmid = {24651195},
publisher = {Nature Publishing Group},
title = {{Diversity in the dynamical behaviour of a compartmentalized programmable biochemical oscillator}},
volume = {6},
year = {2014}
}
